@Book{xie2015,
  title = {Dynamic Documents with {R} and knitr},
  author = {Yihui Xie},
  publisher = {Chapman and Hall/CRC},
  address = {Boca Raton, Florida},
  year = {2015},
  language = {english},
  edition = {2nd},
  note = {ISBN 978-1498716963},
  url = {http://yihui.name/knitr/},
}
@article{ke2017,
	title = {创业板上市公司经济绩效及影响因素——基于贝叶斯模型平均法 ({BMA}) 的实证研究},
	volume = {34},
	number = {1},
	journal = {数量经济技术经济研究},
	author = {{柯忠义}},
	 language = {chinese},
	year = {2017},
	pages = {146--160},
}