@Manual{R-bookdown,
  title = {bookdown: Authoring Books and Technical Documents
    with R Markdown},
  author = {Yihui Xie},
  year = {2019},
  note = {R package version 0.11},
  url = {https://CRAN.R-project.org/package=bookdown},
}
@Manual{R-ggplot2,
  title = {ggplot2: Create Elegant Data Visualisations Using
    the Grammar of Graphics},
  author = {Hadley Wickham and Winston Chang and Lionel Henry
    and Thomas Lin Pedersen and Kohske Takahashi and Claus Wilke
    and Kara Woo},
  year = {2019},
  note = {R package version 3.1.1},
  url = {https://CRAN.R-project.org/package=ggplot2},
}
@Manual{R-knitr,
  title = {knitr: A General-Purpose Package for Dynamic Report
    Generation in R},
  author = {Yihui Xie},
  year = {2019},
  note = {R package version 1.23},
  url = {https://CRAN.R-project.org/package=knitr},
}
@Manual{R-tidyverse,
  title = {tidyverse: Easily Install and Load the
    'Tidyverse'},
  author = {Hadley Wickham},
  year = {2017},
  note = {R package version 1.2.1},
  url = {https://CRAN.R-project.org/package=tidyverse},
}
